<record><leader>00000cas a22000007a 4500</leader><controlfield tag="001">12578017</controlfield><controlfield tag="008">850920d18941922iauwr ne      0    0eng d</controlfield><datafield ind1=" " ind2=" " tag="010"><subfield code="a">sn 85050896 </subfield></datafield><datafield ind1=" " ind2=" " tag="040"><subfield code="a">INP</subfield><subfield code="b">eng</subfield><subfield code="c">INP</subfield><subfield code="d">DLC</subfield><subfield code="d">INP</subfield><subfield code="d">OCLCQ</subfield></datafield><datafield ind1=" " ind2=" " tag="042"><subfield code="a">msc</subfield></datafield><datafield ind1="0" ind2=" " tag="130"><subfield code="a">Newton record (Newton, Iowa)</subfield></datafield><datafield ind1="1" ind2="4" tag="245"><subfield code="a">The Newton record.</subfield></datafield><datafield ind1=" " ind2=" " tag="250"><subfield code="a">Weekly ed.</subfield></datafield><datafield ind1=" " ind2=" " tag="260"><subfield code="a">Newton, Iowa :</subfield><subfield code="b">Record Pub. Co.,</subfield><subfield code="c">1894-1922.</subfield></datafield><datafield ind1=" " ind2=" " tag="300"><subfield code="a">28 v. :</subfield><subfield code="b">ill.</subfield></datafield><datafield ind1=" " ind2=" " tag="310"><subfield code="a">Weekly</subfield></datafield><datafield ind1="0" ind2=" " tag="362"><subfield code="a">Vol. 1, no. 1 (Aug. 3, 1894)-v. 28, no. 38 (Sept. 8, 1922).</subfield></datafield><datafield ind1=" " ind2=" " tag="525"><subfield code="a">Supplement called: "Farm news section" published monthly, &lt;Jan.-Aug. 1916&gt;.</subfield></datafield><datafield ind1=" " ind2=" " tag="752"><subfield code="a">United States</subfield><subfield code="b">Iowa</subfield><subfield code="c">Jasper</subfield><subfield code="d">Newton.</subfield></datafield><datafield ind1="0" ind2=" " tag="775"><subfield code="t">Newton daily record</subfield><subfield code="w">(DLC)sn 85049772</subfield></datafield><datafield ind1="0" ind2="0" tag="785"><subfield code="t">Jasper County record</subfield><subfield code="w">(DLC)sn 85050897</subfield></datafield></record>